<record xmlns:xsi="http://www.w3.org/2001/XMLSchema-instance" xmlns="http://www.loc.gov/MARC21/slim" xsi:schemaLocation="http://www.loc.gov/MARC21/slim http://www.loc.gov/standards/marcxml/schema/MARC21slim.xsd">

  <leader>00374nam a2200145Ia 4500</leader>
  <controlfield tag="008">161010b1997    mx ||||| |||| 00| | spa d</controlfield>
  <datafield ind1=" " tag="020" ind2=" ">
    <subfield code="a">0209687959002</subfield>
  </datafield>
  <datafield tag="090" ind1=" " ind2=" ">
    <subfield code="a">05.05.02 </subfield>
    <subfield code="b">1697</subfield>
  </datafield>
  <datafield ind1="2" tag="110" ind2=" ">
    <subfield code="a">UNESCO</subfield>
    <subfield code="9">1248</subfield>
  </datafield>
  <datafield ind2="0" tag="245" ind1="1">
    <subfield code="a">IberoAmérica Pinta 1997-2000</subfield>
  </datafield>
  <datafield ind2=" " tag="260" ind1=" ">
    <subfield code="a">México : </subfield>
    <subfield code="b">Oficina de Unesco,</subfield>
    <subfield code="c">1997</subfield>
  </datafield>
  <datafield ind1=" " tag="300" ind2=" ">
    <subfield code="a">302 páginas</subfield>
  </datafield>
  <datafield ind2="0" ind1=" " tag="650">
    <subfield code="a">ARTE   </subfield>
    <subfield code="9">421</subfield>
  </datafield>
  <datafield tag="942" ind1=" " ind2=" ">
    <subfield code="2">z</subfield>
    <subfield code="c">01</subfield>
  </datafield>
  <datafield tag="999" ind1=" " ind2=" ">
    <subfield code="c">415</subfield>
    <subfield code="d">415</subfield>
  </datafield>
</record>